@misc{guowuyuan2021shisiwu,
   author={国务院},
   title={中华人民共和国国民经济和社会发展第十四个五年规划和2035年远景目标纲要},
   url={http://www.gov.cn/xinwen/2021-03/13/content_5592681.htm},
   year={2021},
   month={03},
}

@misc{guowuyuan2017aiplan,
   author={国务院},
   title={新一代人工智能发展规划},
   url={http://www.gov.cn/zhengce/content/2017-07/20/content_5211996.htm},
   year={2017},
   month={7},
}
@article{gunning2017explainable,
  title={Explainable artificial intelligence (xai)},
  author={Gunning, David},
  journal={Defense Advanced Research Projects Agency (DARPA), 2nd Web},
  volume={2},
  number={2},
  year={2017}
}

@article{regulation2016regulation,
  title={Regulation EU 2016/679 of the European Parliament and of the Council of 27 April 2016},
  author={Regulation, General Data Protection},
  journal={Official Journal of the European Union},
  year={2016}
}

@article{goodman2017european,
  title={European Union regulations on algorithmic decision-making and a “right to explanation”},
  author={Goodman, Bryce and Flaxman, Seth},
  journal={AI magazine},
  volume={38},
  number={3},
  pages={50--57},
  year={2017}
}


@article{boennAutomaticMusicComposition2011,
  title = {Automatic Music Composition Using Answer Set Programming},
  author = {Boenn, Georg and Brain, Martin and De Vos, Marina and Ffitch, John},
  year = {2011},
  volume = {11},
  pages = {397--427},
  journal = {Theory and practice of logic programming},
  number = {2-3}
}


@mastersthesis{ljhzzz2018,
  title = {基于临床实践指南的疾病诊断模型研究},
  author = {刘, 佳欢 and 张, 志政},
  year = {2018},
  keywords = {临床实践指南;疾病诊断模型;知识表示;LP~(MLN)程序设计},
  school = {南京:东南大学},
  type = {硕士}
}

@article{erdem2015generating,
  title={Generating explanations for biomedical queries},
  author={Erdem, Esra and Oztok, Umut},
  journal={Theory and Practice of Logic Programming},
  volume={15},
  number={1},
  pages={35--78},
  year={2015},
  publisher={Cambridge University Press}
}

@article{psychology2010Balduccini,
author = {Balduccini, Marcello and Girotto, Sara},
title = {Formalization of Psychological Knowledge in Answer Set Programming and Its Application},
year = {2010},
issue_date = {July 2010},
publisher = {Cambridge University Press},
address = {USA},
volume = {10},
number = {4–6},
issn = {1471-0684},
abstract = {In this paper we explore the use of Answer Set Programming (ASP) to formalize, and reason about, psychological knowledge. In the field of psychology, a considerable amount of knowledge is still expressed using only natural language. This lack of a formalization complicates accurate studies, comparisons, and verification of theories. We believe that ASP, a knowledge representation formalism allowing for concise and simple representation of defaults, uncertainty, and evolving domains, can be used successfully for the formalization of psychological knowledge. To demonstrate the viability of ASP for this task, in this paper we develop an ASP-based formalization of the mechanics of Short-Term Memory. We also show that our approach can have rather immediate practical uses by demonstrating an application of our formalization to the task of predicting a user's interaction with a graphical interface.},
journal = {Theory Pract. Log. Program.},
month = jul,
pages = {725–740},
numpages = {16},
keywords = {psychology, short-term memory, reasoning about actions and change, answer set programming}
}

@inproceedings{bao2011medical,
  title={Medical treatment conflict resolving in answer set programming},
  author={Bao, Forrest Sheng and Zhang, Zhizheng and Zhang, Yuanlin},
  booktitle={Proceedings of the AAAI Conference on Artificial Intelligence},
  volume={25},
  number={1},
  year={2011}
}

@inproceedings{zhang2014preliminary,
  title={Preliminary result on finding treatments for patients with comorbidity},
  author={Zhang, Yuanlin and Zhang, Zhizheng},
  booktitle={Workshop on Knowledge Representation for Health-Care Data, Processes and Guidelines},
  pages={14--28},
  year={2014},
  organization={Springer}
}


@article{erdem2016applications,
  title = {Applications of {{Answer Set Programming}}},
  author = {Erdem, Esra and Gelfond, Michael and Leone, Nicola},
  year = {2016},
  month = oct,
  volume = {37},
  pages = {53},
  issn = {0738-4602, 0738-4602},
  journal = {AI Magazine},
  language = {en},
  number = {3}
}

@inproceedings{brain2008answer,
  title={Answer set programming—a domain in need of explanation a position paper},
  author={Brain, Martin and Vos, Marina De},
  booktitle={Proceedings of the Third International Conference on Explanation-aware Computing-Volume 391},
  pages={37--48},
  year={2008}
}


@mastersthesis{huaqi2018lp,
  title = {{{LP}}\textasciitilde ({{MLN}})推理解释机制的研究},
  author = {花琪 and 翟玉庆},
  year = {2018},
  keywords = {回答集程序;LP~(MLN);推理解释},
  school = {南京: 东南大学},
  type = {硕士}
}

@article{stumptner1998survey,
  title={A survey of intelligent debugging},
  author={Stumptner, Markus and Wotawa, Franz},
  journal={AI Communications},
  volume={11},
  number={1},
  pages={35--51},
  year={1998},
  publisher={IOS Press}
}

@inproceedings{dodaroInteractiveDebuggingNonground2015,
  title = {Interactive Debugging of Non-Ground {{ASP}} Programs},
  booktitle = {International {{Conference}} on {{Logic Programming}} and {{Nonmonotonic Reasoning}}},
  author = {Dodaro, Carmine and Gasteiger, Philip and Musitsch, Benjamin and Ricca, Francesco and Shchekotykhin, Kostyantyn},
  year = {2015},
  pages = {279--293},
  publisher = {{Springer}}
}

@article{fandAnsWhy2019,
  title = {Answering the ``Why'' in Answer Set Programming\textendash{{A}} Survey of Explanation Approaches},
  author = {Fandinno, Jorge and Schulz, Claudia},
  year = {2019},
  volume = {19},
  pages = {114--203},
  journal = {Theory and Practice of Logic Programming},
  number = {2}
}


@inproceedings{pontelli2006justifications,
  title = {Justifications for Logic Programs under Answer Set Semantics},
  booktitle = {International {{Conference}} on {{Logic Programming}}},
  author = {Pontelli, Enrico and Son, Tran Cao},
  year = {2006},
  pages = {196--210},
  publisher = {{Springer}}
}

@article{pontelli2009justifications,
  title = {Justifications for Logic Programs under Answer Set Semantics},
  author = {Pontelli, Enrico and Son, Tran Cao and Elkhatib, Omar},
  year = {2009},
  volume = {9},
  pages = {1--56},
  journal = {Theory and Practice of Logic Programming},
  number = {1}
}


@incollection{albrecht2014construction,
  title = {Construction of {{Explanation Graphs}} from {{Extended Dependency Graphs}} for {{Answer Set Programs}}},
  booktitle = {Declarative {{Programming}} and {{Knowledge Management}}},
  author = {Albrecht, Ella and Krumpelmann, Patrick and {Kern-Isberner}, Gabriele},
  editor = {Hanus, Michael and Rocha, Ricardo},
  year = {2014},
  volume = {8439},
  pages = {1--16},
  publisher = {{Springer International Publishing}},
  address = {{Cham}},
  language = {en}
}

@incollection{linke2005suitable,
  title = {Suitable {{Graphs}} for {{Answer Set Programming}}},
  booktitle = {Logic for {{Programming}}, {{Artificial Intelligence}}, and {{Reasoning}}},
  author = {Linke, Thomas and Sarsakov, Vladimir},
  editor = {Hutchison, David and Kanade, Takeo and Kittler, Josef and Kleinberg, Jon M. and Mattern, Friedemann and Mitchell, John C. and Naor, Moni and Nierstrasz, Oscar and Pandu Rangan, C. and Steffen, Bernhard and Sudan, Madhu and Terzopoulos, Demetri and Tygar, Dough and Vardi, Moshe Y. and Weikum, Gerhard and Baader, Franz and Voronkov, Andrei},
  year = {2005},
  volume = {3452},
  pages = {154--168},
  publisher = {{Springer Berlin Heidelberg}},
  address = {{Berlin, Heidelberg}},
  isbn = {978-3-540-25236-8 978-3-540-32275-7},
  language = {en}
}


@inproceedings{schulz2013argumentationbased,
  title = {Argumentation-Based Answer Set Justification},
  booktitle = {Proc. of the 11th {{Intl}}. {{Symposium}} on {{Logical Formalizations}} of {{Commonsense Reasoning}} ({{Commonsense}}'13)},
  author = {Schulz, Claudia and Sergot, Marek and Toni, Francesca},
  year = {2013},
  publisher = {{Citeseer}}
}

@article{schulz2016justifying,
  title = {Justifying {{Answer Sets}} Using {{Argumentation}}},
  author = {Schulz, Claudia and Toni, Francesca},
  year = {2016},
  month = jan,
  volume = {16},
  pages = {59--110},
  issn = {1471-0684, 1475-3081},
  eprint = {1411.5635},
  journal = {Theory and Practice of Logic Programming},
  language = {en},
  number = {1}
}

@article{cabalar2016justificationsa,
  title = {Justifications for Programs with Disjunctive and Causal-Choice Rules},
  author = {CABALAR, PEDRO and FANDINNO, JORGE},
  year = {2016},
  volume = {16},
  pages = {587--603},
  issn = {1475-3081},
  journal = {Theory and Practice of Logic Programming},
  number = {5-6}
}

@article{cabalar2017enablers,
  title = {Enablers and {{Inhibitors}} in {{Causal Justifications}} of {{Logic Programs}}},
  author = {Cabalar, Pedro and Fandinno, Jorge},
  year = {2017},
  month = jan,
  volume = {17},
  pages = {49--74},
  issn = {1471-0684, 1475-3081},
  eprint = {1602.06897},
  journal = {Theory and Practice of Logic Programming},
  keywords = {Computer Science - Artificial Intelligence,Computer Science - Logic in Computer Science},
  number = {1}
}



@incollection{viegasdamasio2013justifications,
  title = {Justifications for {{Logic Programming}}},
  booktitle = {Logic {{Programming}} and {{Nonmonotonic Reasoning}}},
  author = {Viegas Dam{\'a}sio, Carlos and Analyti, Anastasia and Antoniou, Grigoris},
  editor = {Hutchison, David and Kanade, Takeo and Kittler, Josef and Kleinberg, Jon M. and Mattern, Friedemann and Mitchell, John C. and Naor, Moni and Nierstrasz, Oscar and Pandu Rangan, C. and Steffen, Bernhard and Sudan, Madhu and Terzopoulos, Demetri and Tygar, Doug and Vardi, Moshe Y. and Weikum, Gerhard and Cabalar, Pedro and Son, Tran Cao},
  year = {2013},
  volume = {8148},
  pages = {530--542},
  publisher = {{Springer Berlin Heidelberg}},
  address = {{Berlin, Heidelberg}},
  isbn = {978-3-642-40563-1 978-3-642-40564-8},
  language = {en}
}



@inproceedings{beatrix2016justifications,
  title = {Justifications and Blocking Sets in a Rule-Based Answer Set Computation},
  booktitle = {Technical {{Communications}} of the 32nd {{International Conference}} on {{Logic Programming}} ({{ICLP}} 2016)},
  author = {B{\'e}atrix, Christopher and Lef{\`e}vre, Claire and Garcia, Laurent and St{\'e}phan, Igor},
  year = {2016},
  publisher = {{Schloss Dagstuhl-Leibniz-Zentrum fuer Informatik}}
}

@inproceedings{denecker1993justification,
  title={Justification Semantics: A Unifiying Framework for the Semantics of Logic Programs.},
  author={Denecker, Marc and De Schreye, Danny},
  booktitle={LPNMR},
  pages={365--379},
  year={1993}
}

@inproceedings{denecker2015formal,
  title={A formal theory of justifications},
  author={Denecker, Marc and Brewka, Gerhard and Strass, Hannes},
  booktitle={International Conference on Logic Programming and Nonmonotonic Reasoning},
  pages={250--264},
  year={2015},
  organization={Springer}
}


@article{dfj2012jiyuqifash,
  title = {{{基于启发式搜索的ASP程序支撑原因分析算法}}},
  author = {董凤娇 and 王雪松 and 赵岭忠 and 张超},
  year = {2012},
  volume = {32},
  pages = {222--226},
  isbn = {1673-808X},
  journal = {桂林电子科技大学学报},
  keywords = {ASP程序;justification图;回答集;启发式算法},
  lccn = {45-1351/TN},
  number = {03}
}


@article{lin2004assat,
  title = {{{ASSAT}}: Computing Answer Sets of a Logic Program by {{SAT}} Solvers},
  shorttitle = {{{ASSAT}}},
  author = {Lin, Fangzhen and Zhao, Yuting},
  year = {2004},
  month = aug,
  volume = {157},
  pages = {115--137},
  issn = {00043702},
  journal = {Artificial Intelligence},
  language = {en},
  number = {1-2}
}




@inproceedings{lee2005modeltheoretic,
  title = {A Model-Theoretic Counterpart of Loop Formulas},
  booktitle = {{{IJCAI}}},
  author = {Lee, Joohyung},
  year = {2005},
  volume = {5},
  pages = {503--508}
}


@incollection{brain2007debugging,
  title = {Debugging {{ASP Programs}} by {{Means}} of {{ASP}}},
  booktitle = {Logic {{Programming}} and {{Nonmonotonic Reasoning}}},
  author = {Brain, Martin and Gebser, Martin and P{\"u}hrer, J{\"o}rg and Schaub, Torsten and Tompits, Hans and Woltran, Stefan},
  editor = {Baral, Chitta and Brewka, Gerhard and Schlipf, John},
  year = {2007},
  volume = {4483},
  pages = {31--43},
  publisher = {{Springer Berlin Heidelberg}},
  address = {{Berlin, Heidelberg}},
  isbn = {978-3-540-72199-4 978-3-540-72200-7},
  language = {en}
}

@inproceedings{brain2007that,
  title = {That Is Illogical Captain! {{The}} Debugging Support Tool Spock for Answer-Set Programs: System Description},
  booktitle = {Proceedings of the {{Workshop}} on {{Software Engineering}} for {{Answer Set Programming}} ({{SEA}} 2007)},
  author = {Brain, Martin and Gebser, Martin and P{\"u}hrer, J{\"o}rg and Schaub, Torsten and Tompits, Hans and Woltran, Stefan},
  year = {2007},
  pages = {71--85}
}

@article{oetsch2010catching,
  title = {Catching the Ouroboros: {{On}} Debugging Non-Ground Answer-Set Programs},
  author = {Oetsch, Johannes and P{\"u}hrer, J{\"o}rg and Tompits, Hans},
  year = {2010},
  volume = {10},
  pages = {513--529},
  journal = {Theory and Practice of Logic Programming},
  number = {4-6}
}

@article{calimeri2020aspcore2,
  title = {{{ASP}}-{{Core}}-2 {{Input Language Format}}},
  author = {Calimeri, Francesco and Faber, Wolfgang and Gebser, Martin and Ianni, Giovambattista and Kaminski, Roland and Krennwallner, Thomas and Leone, Nicola and Maratea, Marco and Ricca, Francesco and Schaub, Torsten},
  year = {2020},
  month = mar,
  volume = {20},
  pages = {294--309},
  issn = {1471-0684, 1475-3081},
  journal = {Theory and Practice of Logic Programming},
  language = {en},
  number = {2}
}

@incollection{polleres2013debugging,
  title = {Debugging {{Non}}-Ground {{ASP Programs}} with {{Choice Rules}}, {{Cardinality}} and {{Weight Constraints}}},
  booktitle = {Logic {{Programming}} and {{Nonmonotonic Reasoning}}},
  author = {Polleres, Axel and Fr{\"u}hst{\"u}ck, Melanie and Schenner, Gottfried and Friedrich, Gerhard},
  editor = {Hutchison, David and Kanade, Takeo and Kittler, Josef and Kleinberg, Jon M. and Mattern, Friedemann and Mitchell, John C. and Naor, Moni and Nierstrasz, Oscar and Pandu Rangan, C. and Steffen, Bernhard and Sudan, Madhu and Terzopoulos, Demetri and Tygar, Doug and Vardi, Moshe Y. and Weikum, Gerhard and Cabalar, Pedro and Son, Tran Cao},
  year = {2013},
  volume = {8148},
  pages = {452--464},
  publisher = {{Springer Berlin Heidelberg}},
  address = {{Berlin, Heidelberg}},
  isbn = {978-3-642-40563-1 978-3-642-40564-8},
  language = {en}
}

@inproceedings{fruhstuck2013debugging,
  title={Debugging answer-set programs with Ouroboros--extending the SeaLion plugin},
  author={Fr{\"u}hst{\"u}ck, Melanie and P{\"u}hrer, J{\"o}rg and Friedrich, Gerhard},
  booktitle={International Conference on Logic Programming and Nonmonotonic Reasoning},
  pages={323--328},
  year={2013},
  organization={Springer}
}

@inproceedings{dodaro2015interactive,
  title = {Interactive Debugging of Non-Ground {{ASP}} Programs},
  booktitle = {International {{Conference}} on {{Logic Programming}} and {{Nonmonotonic Reasoning}}},
  author = {Dodaro, Carmine and Gasteiger, Philip and Musitsch, Benjamin and Ricca, Francesco and Shchekotykhin, Kostyantyn},
  year = {2015},
  pages = {279--293},
  publisher = {{Springer}}
}

@inproceedings{shchekotykhin2015interactive,
  title = {Interactive Query-Based Debugging of {{ASP}} Programs},
  booktitle = {Twenty-{{Ninth AAAI Conference}} on {{Artificial Intelligence}}},
  author = {Shchekotykhin, Kostyantyn},
  year = {2015}
}


@inproceedings{gasteiger2016integrated,
  title = {An Integrated {{Graphical User Interface}} for {{Debugging Answer Set Programs}}},
  author = {Gasteiger, Philip and Dodaro, Carmine and Musitsch, Benjamin and Reale, Kristian and Ricca, Francesco and Schekotihin, Konstantin},
  year = {2016},
  booktitle = {1st Workshop on Trends and Applications of Answer Set Programming (TAASP'16)},
}

@inproceedings{alviano2013wasp,
  title={WASP: A native ASP solver based on constraint learning},
  author={Alviano, Mario and Dodaro, Carmine and Faber, Wolfgang and Leone, Nicola and Ricca, Francesco},
  booktitle={International Conference on Logic Programming and Nonmonotonic Reasoning},
  pages={54--66},
  year={2013},
  organization={Springer}
}
@inproceedings{alviano2015advances,
  title={Advances in WASP},
  author={Alviano, Mario and Dodaro, Carmine and Leone, Nicola and Ricca, Francesco},
  booktitle={International Conference on Logic Programming and Nonmonotonic Reasoning},
  pages={40--54},
  year={2015},
  organization={Springer}
}

@article{oetsch2018stepwise,
  title = {Stepwise Debugging of Answer-Set Programs},
  author = {Oetsch, Johannes and P{\"u}hrer, J{\"o}rg and Tompits, Hans},
  year = {2018},
  volume = {18},
  pages = {30--80},
  journal = {Theory and Practice of Logic Programming},
  number = {1}
}

@inproceedings{oetsch2011stepping,
  title={Stepping through an answer-set program},
  author={Oetsch, Johannes and P{\"u}hrer, J{\"o}rg and Tompits, Hans},
  booktitle={International Conference on Logic Programming and Nonmonotonic Reasoning},
  pages={134--147},
  year={2011},
  organization={Springer}
}

@phdthesis{puhrer2014stepwise,
  title={Stepwise Debugging in Answer-Set Programming},
  author={P{\"u}hrer, J{\"o}rg},
  year={2014},
  school={Technische Universit{\"a}t Wien}
}

@inproceedings{gilpin2018explaining,
  title = {Explaining {{Explanations}}: {{An Overview}} of {{Interpretability}} of {{Machine Learning}}},
  shorttitle = {Explaining {{Explanations}}},
  booktitle = {2018 {{IEEE}} 5th {{International Conference}} on {{Data Science}} and {{Advanced Analytics}} ({{DSAA}})},
  author = {Gilpin, Leilani H. and Bau, David and Yuan, Ben Z. and Bajwa, Ayesha and Specter, Michael and Kagal, Lalana},
  year = {2018},
  month = oct,
  pages = {80--89},
  publisher = {{IEEE}},
  address = {{Turin, Italy}},
  isbn = {978-1-5386-5090-5},
  language = {en}
}

@article{apt1994logic,
  title={Logic programming and negation: A survey},
  author={Apt, Krzysztof R and Bol, Roland N},
  journal={The Journal of Logic Programming},
  volume={19},
  pages={9--71},
  year={1994},
  publisher={Elsevier}
}

@article{dimopoulos1996graph,
  title = {Graph Theoretical Structures in Logic Programs and Default Theories},
  author = {Dimopoulos, Yannis and Torres, Alberto},
  year = {1996},
  volume = {170},
  pages = {209--244},
  issn = {0304-3975},
  doi = {10.1016/S0304-3975(96)80707-9},
  journal = {Theoretical Computer Science},
  number = {1}
}

@article{brignoli2014characterizing,
  title = {Characterizing and Computing Stable Models of Logic Programs: {{The}} Non-Stratified Case},
  shorttitle = {Characterizing and Computing Stable Models of Logic Programs},
  author = {Brignoli, Gianpaolo and Costantini, Stefania and D'Antona, Ottavio and Provetti, Alessandro},
  year = {2014},
  month = feb,
  archiveprefix = {arXiv},
  eprint = {1402.5436},
  eprinttype = {arxiv},
  journal = {arXiv:1402.5436 [cs]},
  keywords = {Computer Science - Artificial Intelligence,Computer Science - Logic in Computer Science,I.2,I.2.3},
  primaryclass = {cs}
}


@incollection{eiterASP2009,
  title = {Answer {{Set Programming}}: {{A Primer}}},
  shorttitle = {Answer {{Set Programming}}},
  booktitle = {Reasoning {{Web}}. {{Semantic Technologies}} for {{Information Systems}}},
  author = {Eiter, Thomas and Ianni, Giovambattista and Krennwallner, Thomas},
  editor = {Tessaris, Sergio and Franconi, Enrico and Eiter, Thomas and Gutierrez, Claudio and Handschuh, Siegfried and Rousset, Marie-Christine and Schmidt, Renate A.},
  year = {2009},
  volume = {5689},
  pages = {40--110},
  publisher = {{Springer Berlin Heidelberg}},
  address = {{Berlin, Heidelberg}},
  language = {en}
}
@article{2003A,
  title={A semantic framework for preference handling in answer set programming},
  author={ Schaub, Torsten  and  Wang, Kewen },
  journal={Theory and Practice of Logic Programming},
  year={2003},
}

@article{2000Proceedings,
  title={Proceedings of the 8th International Workshop on Non-Monotonic Reasoning, NMR'2000},
  author={ Baral, C.  and  Truszczynski, M. },
  journal={Aerospace ence \& Technology},
  volume={9},
  number={8},
  pages={722-731},
  year={2000},
}

@article{2005The,
  title={The DLV System for Knowledge Representation and Reasoning},
  author={ Leone, Nicola  and  Pfeifer, Gerald  and  Faber, Wolfgang  and  Eiter, Thomas  and  Gottlob, Georg  and  Perri, Simona  and  Scarcello, Francesco },
  journal={ACM transactions on computational logic},
  year={2005},
}

@article{2007clasp,
  title={clasp: A Conflict-Driven Answer Set Solver},
  author={ Gebser, M.  and  Kaufmann, B.  and  Neumann, A.  and  Schaub, T. },
  journal={Springer, Berlin, Heidelberg},
  year={2007},
}

@article{1992The,
  title={The Stable Model Semantics for Logic Programming},
  author={ Gelfond, M.  and  Lifschitz, V. },
  journal={proc.international conf. \& symp.on logic programming},
  year={1992},
}

@article{2002Answer,
  title={Answer set programming and plan generation},
  author={ Lifschitz, V. },
  journal={Artificial Intelligence},
  year={2002},
}

@inproceedings{2006Modelling,
  title={Modelling biological networks by action languages via set programming},
  author={ Grell, S.  and  Schaub, T.  and  Selbig, J. },
  booktitle={Logic Programming, 22nd International Conference, ICLP 2006, Seattle, WA, USA, August 17-20, 2006, Proceedings},
  year={2006},
}


@article{kaufmannGroundingSolvingAnswer2016,
  title = {Grounding and {{Solving}} in {{Answer Set Programming}}},
  author = {Kaufmann, Benjamin and Leone, Nicola and Perri, Simona and Schaub, Torsten},
  year = {2016},
  month = oct,
  volume = {37},
  pages = {25},
  issn = {0738-4602, 0738-4602},
  doi = {10.1609/aimag.v37i3.2672},
  journal = {AI Magazine},
  language = {en},
  number = {3}
}

@inproceedings{gebserGringoNewGrounder2007,
  title = {Gringo: {{A}} New Grounder for Answer Set Programming},
  booktitle = {International {{Conference}} on {{Logic Programming}} and {{Nonmonotonic Reasoning}}},
  author = {Gebser, Martin and Schaub, Torsten and Thiele, Sven},
  year = {2007},
  pages = {266--271},
  publisher = {{Springer}}
}

@incollection{gebser2011advances,
  title = {Advances in Gringo {{Series}} 3},
  booktitle = {Logic {{Programming}} and {{Nonmonotonic Reasoning}}},
  author = {Gebser, Martin and Kaminski, Roland and K{\"o}nig, Arne and Schaub, Torsten},
  editor = {Delgrande, James P. and Faber, Wolfgang},
  year = {2011},
  volume = {6645},
  pages = {345--351},
  publisher = {{Springer Berlin Heidelberg}},
  address = {{Berlin, Heidelberg}},
  isbn = {978-3-642-20894-2 978-3-642-20895-9},
  language = {en}
}



@article{gebser2015abstract,
  title = {Abstract {{Gringo}}},
  author = {Gebser, Martin and Harrison, Amelia and Kaminski, Roland and Lifschitz, Vladimir and Schaub, Torsten},
  year = {2015},
  month = jul,
  volume = {15},
  pages = {449--463},
  issn = {1471-0684, 1475-3081},
  doi = {10.1017/S1471068415000150},
  archiveprefix = {arXiv},
  eprint = {1507.06576},
  eprinttype = {arxiv},
  journal = {Theory and Practice of Logic Programming},
  keywords = {Computer Science - Programming Languages},
  language = {en},
  number = {4-5}
}

@article{kunen1989signed,
  title = {Signed Data Dependencies in Logic Programs},
  author = {Kunen, Kenneth},
  year = {1989},
  month = nov,
  volume = {7},
  pages = {231--245},
  doi = {10.1016/0743-1066(89)90022-8},
  journal = {The Journal of Logic Programming}
}

@article{PAPADIMITRIOU199748,
  title = {Tie-Breaking Semantics and Structural Totality},
  author = {Papadimitriou, Christos H. and Yannakakis, Mihalis},
  year = {1997},
  volume = {54},
  pages = {48--60},
  issn = {0022-0000},
  doi = {https://doi.org/10.1006/jcss.1997.1451},
  journal = {Journal of Computer and System Sciences},
  number = {1}
  }


  @inproceedings{syrjanen2001smodels,
  title={The smodels system},
  author={Syrj{\"a}nen, Tommi and Niemel{\"a}, Ilkka},
  booktitle={International Conference on Logic Programming and NonMonotonic Reasoning},
  pages={434--438},
  year={2001},
  organization={Springer}
}
@article{2004SAT,
  title={SAT-based answer set programming},
  author={ Giunchiglia, E.  and  Lierler, Y.  and  Maratea, M. },
  journal={AAAI Press},
  year={2004},
}


@article{marcopoulos2019onlinesparc,
  title={onlineSPARC: A Programming Environment for Answer Set Programming},
  author={MARCOPOULOS, ELIAS and ZHANG, YUANLIN},
  journal={Theory and Practice of Logic Programming},
  volume={19},
  number={2},
  pages={262--289},
  year={2019},
  publisher={Cambridge University Press}
}

@incollection{balai2013answer,
  title = {Towards {{Answer Set Programming}} with {{Sorts}}},
  booktitle = {Logic {{Programming}} and {{Nonmonotonic Reasoning}}},
  author = {Balai, Evgenii and Gelfond, Michael and Zhang, Yuanlin},
  editor = {Hutchison, David and Kanade, Takeo and Kittler, Josef and Kleinberg, Jon M. and Mattern, Friedemann and Mitchell, John C. and Naor, Moni and Nierstrasz, Oscar and Pandu Rangan, C. and Steffen, Bernhard and Sudan, Madhu and Terzopoulos, Demetri and Tygar, Doug and Vardi, Moshe Y. and Weikum, Gerhard and Cabalar, Pedro and Son, Tran Cao},
  year = {2013},
  volume = {8148},
  pages = {135--147},
  publisher = {{Springer Berlin Heidelberg}},
  address = {{Berlin, Heidelberg}},
  isbn = {978-3-642-40563-1 978-3-642-40564-8},
  language = {en}
}

@phdthesis{jjm2010robertasp,
  title={提高 ASP 效率的若干途径及服务机器人上应用},
  author={吉建民},
  year={2010},
  school={合肥: 中国科学技术大学}
}

@inproceedings{schulz2015characterising,
  title = {Characterising and Explaining Inconsistency in Logic Programs},
  booktitle = {International {{Conference}} on {{Logic Programming}} and {{Nonmonotonic Reasoning}}},
  author = {Schulz, Claudia and Satoh, Ken and Toni, Francesca},
  year = {2015},
  pages = {467--479},
  publisher = {{Springer}}
}


@Article{gel91b,
title={Classical Negation in Logic Programs and Disjunctive Databases},
author={Michael Gelfond and Vladimir Lifschitz},
volume={9},
journal={New Generation Computing},
pages={365-385},
year={1991}
}
@article{hu2021dynamic,
  title={Dynamic Rebalancing Optimization for Bike-Sharing System Using Priority-Based MOEA/D Algorithm},
  author={Hu, Runqiu and Zhang, Zhizheng and Ma, Xinwei and Jin, Yuchuan},
  journal={IEEE Access},
  volume={9},
  pages={27067--27084},
  year={2021},
  publisher={IEEE}
}
@article{van1991well,
  title={The well-founded semantics for general logic programs},
  author={Van Gelder, Allen and Ross, Kenneth A and Schlipf, John S},
  journal={Journal of the ACM (JACM)},
  volume={38},
  number={3},
  pages={619--649},
  year={1991},
  publisher={ACM New York, NY, USA}
}